@online{ref-name,
  title = "Title",
  author = "Author",
  year = "Year",
  url = "Link"
},
