@online{sample-cite,
  author = "Sample Author",
  title = "Sample Title",
  howpublished = "\url{https://sample.url.example}",
  year = "Sample Year",
},
